 @article{billheimer_2019, title={Predictive Inference and Scientific Reproducibility}, volume={73}, DOI={10.1080/00031305.2018.1518270}, number={sup1}, journal={The American Statistician}, author={Billheimer, Dean}, year={2019}, pages={291â€“295}} 
 @book{aitchison_dunsmore_1980, place={Cambridge u.a.}, title={Statistical prediction analysis}, publisher={Cambridge Univ. Pr}, author={Aitchison, John and Dunsmore, Ian R.}, year={1980}} 
 @book{geisser_geisser_geisser_geisser_1993, place={New York, NY }, title={Predictive inference: An introduction}, publisher={Chapman and Hall}, author={Geisser, Seymour and Geisser, Seymour and Geisser, Seymour and Geisser, Seymour}, year={1993}} 
 @book{gelman_carlin_stern_dunson_vehtari_rubin_2013, place={s.l.}, title={Bayesian Data Analysis}, publisher={Chapman &amp; Hall/CRC}, author={Gelman, Andrew and Carlin, John B and Stern, Hal S and Dunson, David B and Vehtari, Aki and Rubin, Donald B}, year={2013}} 
 @book{hoff_2009, place={New York, NY}, title={A first course in Bayesian Statistical Methods}, publisher={Springer}, author={Hoff, Peter D}, year={2009}} 
 @book{silver_2015, place={London}, title={The signal and the noise: The art and science of prediction}, publisher={Penguin group}, author={Silver, Nate}, year={2015}} 